
@article{Hoens2013,
  archiveprefix = {Imbalanced Learning: Foundations, Algorithms, and Applications},
  author = {T. Ryan Hoens and Nitesh V. Chawla},
  doi = {10.1002/9781118646106},
  journal = {Imbalanced Learning: Foundations, Algorithms, and Applications},
  pages = {43},
  title = {Handling Imbalanced Datasets : A review},
  url = {https://www3.nd.edu/~dial/publications/hoens2013imbalanced.pdf},
  volume = {1},
  year = {2013},
}

@article{Akbani2004,
author={Akbani, Rehan and Kwek, Stephen and Japkowicz, Nathalie},
editor={Boulicaut, Jean-Fran{\c{c}}ois and Esposito, Floriana and Giannotti, Fosca and Pedreschi, Dino},
title={Applying Support Vector Machines to Imbalanced Datasets},
booktitle={Machine Learning: ECML 2004},
year={2004},
publisher={Springer Berlin Heidelberg},
address={Berlin, Heidelberg},
pages={39--50}
}

@article{Chawla2003,
author = {Chawla, Nitesh and Lazarevic, Aleksandar and O. Hall, Lawrence and Bowyer, Kevin},
year = {2003},
month = {01},
pages = {107-119},
title = {SMOTEBoost: Improving Prediction of the Minority Class in Boosting},
volume = {2838},
booktitle = {Proceedings of the 7th European conference on principles and practice of knowledge discovery in database},
}

@article{Huang2007,
  title={Efficient Multiclass Boosting Classification with Active Learning},
  author={Jian Huang and Seyda Ertekin and Yang Song and Hongyuan Zha and C. Lee Giles},
  booktitle={SDM},
  year={2007}
}

@article{Lemaitre2016,
author = {Lemaitre, Guillaume and Nogueira, Fernando and Aridas, Christos},
year = {2016},
month = {09},
pages = {},
title = {Imbalanced-learn: A Python Toolbox to Tackle the Curse of Imbalanced Datasets in Machine Learning},
volume = {18}
}

@article{Pedregosa2012,
author = {Pedregosa, Fabian and Varoquaux, Gael and Gramfort, Alexandre and Michel, Vincent and Thirion, Bertrand and Grisel, Olivier and Blondel, Mathieu and Prettenhofer, Peter and Weiss, Ron and Dubourg, Vincent and Vanderplas, Jake and Passos, Alexandre and Cournapeau, David and Brucher, Matthieu and Perrot, Matthieu and Duchesnay, Edouard and Louppe, Gilles},
year = {2012},
month = {01},
pages = {},
title = {Scikit-learn: Machine Learning in Python},
volume = {12},
booktitle = {Journal of Machine Learning Research}
}

@article{Suguna2010,
author = {Suguna and , K.Thanushkodi},
year = {2010},
month = {07},
pages = {},
title = {An Improved k-Nearest Neighbor Classification Using Genetic Algorithm},
volume = {7},
booktitle = {International Journal of Computer Science Issues}
}

@article{Provost2018,
author = {Provost, Foster},
year = {2018},
month = {07},
pages = {},
title = {Machine Learning from Imbalanced Data Sets 101 (Extended Abstract)}
}

@article{McCullagh1984,
author = {McCullagh, Peter},
year = {1984},
month = {02},
pages = {285-292},
title = {Generalized Linear Models},
volume = {16},
booktitle = {European Journal of Operational Research}
}

@article{Vanwinckelen2015,
  title = 	 {Look before you leap: Some insights into learner evaluation with cross-validation},
  author = 	 {Gitte Vanwinckelen and Hendrik Blockeel},
  booktitle = 	 {Proceedings of the Workshop on Statistically Sound Data Mining at ECML/PKDD},
  pages = 	 {3--20},
  year = 	 {2015},
  editor = 	 {Wilhelmiina Hämäläinen and François Petitjean and I. Webb},
  volume = 	 {47},
  series = 	 {Proceedings of Machine Learning Research},
  address = 	 {Nancy, France},
  month = 	 {15 Sep},
  publisher = 	 {PMLR},
  pdf = 	 {http://proceedings.mlr.press/v47/vanwinckelen14a.pdf},
  url = 	 {http://proceedings.mlr.press/v47/vanwinckelen14a.html},
}

@article{Japkowicz2013,
author = {Japkowicz, Nathalie},
year = {2013},
month = {06},
pages = {187-206},
title = {Assessment Metrics for Imbalanced Learning},
isbn = {9781118074626}
}

@article{Ganganwar2012,
author = {Ganganwar, Vaishali},
year = {2012},
month = {01},
pages = {42-47},
title = {An overview of classification algorithms for imbalanced datasets},
volume = {2},
booktitle = {International Journal of Emerging Technology and Advanced Engineering},
}

@article{Yen2006,
author = {Yen, Show-Jane and Lee, Yue-Shi},
year = {2006},
month = {04},
pages = {731-740},
title = {Under-Sampling Approaches for Improving Prediction of the Minority Class in an Imbalanced Dataset},
volume = {344},
booktitle = {Lecture Notes in Control and Information Sciences},
}

@article{Chawla2002,
 author = {Chawla, Nitesh V. and Bowyer, Kevin W. and Hall, Lawrence O. and Kegelmeyer, W. Philip},
 title = {SMOTE: Synthetic Minority Over-sampling Technique},
 journal = {J. Artif. Int. Res.},
 issue_date = {January 2002},
 volume = {16},
 number = {1},
 month = jun,
 year = {2002},
 issn = {1076-9757},
 pages = {321--357},
 numpages = {37},
 url = {http://dl.acm.org/citation.cfm?id=1622407.1622416},
 acmid = {1622416},
 publisher = {AI Access Foundation},
 address = {USA},
} 

@article{Last2017,
  author    = {Felix Last and Georgios Douzas and Fernando Bacao},
  title     = {Oversampling for Imbalanced Learning Based on K-Means and {SMOTE}},
  journal   = {CoRR},
  volume    = {abs/1711.00837},
  year      = {2017},
  url       = {http://arxiv.org/abs/1711.00837},
  archivePrefix = {arXiv},
  eprint    = {1711.00837},
  timestamp = {Fri, 01 Dec 2017 14:22:24 +0100},
  biburl    = {https://dblp.org/rec/bib/journals/corr/abs-1711-00837},
  bibsource = {dblp computer science bibliography, https://dblp.org},
}


@article{Wan2014LearningTI,
  title={Learning to improve medical decision making from imbalanced data without a priori cost},
  author={Xiang Wan and Jiming Liu and William Kwok-Wai Cheung and Tiejun Tong},
  booktitle={BMC Med. Inf. & Decision Making},
  year={2014}
}

@article{Fernandez2013,
  title={Analysing the classification of imbalanced data-sets with multiple classes: Binarization techniques and ad-hoc approaches},
  author={Alberto Fern{\'a}ndez and Victoria L{\'o}pez and Mikel Galar and Mar{\'i}a Jos{\'e} del Jes{\'u}s and Francisco Herrera},
  journal={Knowl.-Based Syst.},
  year={2013},
  volume={42},
  pages={97-110},
}

@article{Bunkhumpornpat2009,
 author = {Bunkhumpornpat, Chumphol and Sinapiromsaran, Krung and Lursinsap, Chidchanok},
 title = {Safe-Level-SMOTE: Safe-Level-Synthetic Minority Over-Sampling TEchnique for Handling the Class Imbalanced Problem},
 booktitle = {Proceedings of the 13th Pacific-Asia Conference on Advances in Knowledge Discovery and Data Mining},
 series = {PAKDD '09},
 year = {2009},
 isbn = {978-3-642-01306-5},
 location = {Bangkok, Thailand},
 pages = {475--482},
 numpages = {8},
 url = {http://dx.doi.org/10.1007/978-3-642-01307-2_43},
 doi = {10.1007/978-3-642-01307-2_43},
 acmid = {1533904},
 publisher = {Springer-Verlag},
 address = {Berlin, Heidelberg},
 keywords = {Class Imbalanced Problem, Over-sampling, SMOTE, Safe Level},
} 

@article{Maria2004,
  title={A Study of the Behavior of Several Methods for Balancing Machine Learning Training Data},
  author={Gustavo E. A. P. A. Batista Ronaldo C. Prati Maria},
  year={2004},
  title={A Study of the Behavior of Several Methods for Balancing Machine Learning Training Data},
}

@article{Prati2004,
author={Prati, Ronaldo C. and Batista, Gustavo E. A. P. A. and Monard, Maria Carolina},
editor={Bazzan, Ana L. C. and Labidi, Sofiane},
title={Learning with Class Skews and Small Disjuncts},
booktitle={Advances in Artificial Intelligence -- SBIA 2004},
year={2004},
doi = {10.1007/978-3-540-28645-5_30},
publisher={Springer Berlin Heidelberg},
address={Berlin, Heidelberg},
pages={296--306},
isbn={978-3-540-28645-5},
}

@article{Guo2004,
 author = {Guo, Hongyu and Viktor, Herna L.},
 title = {Learning from Imbalanced Data Sets with Boosting and Data Generation: The DataBoost-IM Approach},
 journal = {SIGKDD Explor. Newsl.},
 issue_date = {June 2004},
 volume = {6},
 number = {1},
 month = jun,
 year = {2004},
 issn = {1931-0145},
 pages = {30--39},
 numpages = {10},
 url = {http://doi.acm.org/10.1145/1007730.1007736},
 doi = {10.1145/1007730.1007736},
 acmid = {1007736},
 publisher = {ACM},
 address = {New York, NY, USA},
 keywords = {boosting, data mining, ensembles of classifiers, imbalanced data sets},
} 

@article{Nekooeimehr2015,
author = {Nekooeimehr, Iman and K. Lai-Yuen, Susana},
year = {2015},
month = {11},
pages = {},
title = {Adaptive semi-unsupervised weighted oversampling (A-SUWO) for Imbalanced Datasets},
volume = {46},
booktitle = {Expert Systems with Applications},
}

@article{Bunkhumpornpat2011,
author = {Bunkhumpornpat, Chumphol and Sinapiromsaran, Krung and Lursinsap, Chidchanok},
year = {2011},
month = {04},
pages = {},
title = {DBSMOTE: Density-based synthetic minority over-sampling technique},
volume = {36},
booktitle = {Applied Intelligence - APIN},
}

@article{Tang2015,
author = {Tang, Bo and He, Haibo},
year = {2015},
month = {05},
pages = {},
title = {KernelADASYN: Kernel Based Adaptive Synthetic Data Generation for Imbalanced Learning},
}

@article{Barua2014,
author = {Barua, Sukarna and Islam, Md and Yao, Xin and Murase, Kazuyuki},
year = {2014},
month = {02},
pages = {405-425},
title = {MWMOTE--Majority Weighted Minority Oversampling Technique for Imbalanced Data Set Learning},
volume = {26},
booktitle = {Knowledge and Data Engineering, IEEE Transactions on},
}

@article{Douzas2017B,
author = {Douzas, Georgios and Bacao, Fernando},
year = {2017},
month = {10},
pages = {40-52},
title = {Self-Organizing Map Oversampling (SOMO) for imbalanced data set learning},
volume = {82},
booktitle = {Expert Systems with Applications},
}

@book{rodriguez2012hybrid,
  title={Hybrid Artificial Intelligent Systems: 7th International Conference, HAIS 2012, Salamanca, Spain, March 28-30th, 2012, Proceedings},
  author={Rodriguez, E.S.C. and Snasel, V. and Abraham, A. and Wozniak, M. and Grana, M. and Cho, S.B.},
  number={Teil 2},
  isbn={9783642289316},
  series={Lecture Notes in Computer Science},
  url={https://books.google.ie/books?id=CuERBwAAQBAJ},
  year={2012},
  publisher={Springer Berlin Heidelberg},
}

@article{Kubat2000,
author = {Kubat, M and Matwin, Stan},
year = {2000},
month = {06},
pages = {},
title = {Addressing the Curse of Imbalanced Training Sets: One-Sided Selection},
booktitle = {Fourteenth International Conference on Machine Learning},
}

@article{Prati2004B,
author = {Prati, Ronaldo and Batista, Gustavo and Monard, Maria-Carolina},
year = {2004},
month = {01},
pages = {312-321},
title = {Class Imbalances versus Class Overlapping: An Analysis of a Learning System Behavior},
booktitle = {LNCS (LNAI)},
}

@article{Han2005,
author = {Han, Hui and Wang, Wen-Yuan and Mao, Bing-Huan},
year = {2005},
month = {09},
pages = {878-887},
title = {Borderline-SMOTE: A New Over-Sampling Method in Imbalanced Data Sets Learning},
volume = {3644},
booktitle = {Adv Intell Comput},
}

@article{Saez,
author = {Sáez, José A. and Krawczyk, Bartosz and Wozniak, Michal},
year = {2016},
month = {09},
pages = {164–178},
title = {Analyzing the oversampling of different classes and types of examples in multi-class imbalanced datasets},
volume = {57},
booktitle = {Pattern Recognition},
}

@article{Tang2015,
author = {Tang, Bo and He, Haibo},
year = {2015},
month = {05},
pages = {},
title = {KernelADASYN: Kernel Based Adaptive Synthetic Data Generation for Imbalanced Learning},
}

@article{Tang,
author = {Tang, Yaohua and Gao, Jinghuai},
year = {2007},
month = {11},
pages = {1787-1795},
title = {Improved Classification for Problem Involving Overlapping Patterns},
volume = {90-D},
booktitle = {IEICE Transactions},
}

@article{KOKUER2007,
title = {Chapter 12 - Towards Automatic Risk Analysis for Hereditary Non-Polyposis Colorectal Cancer Based on Pedigree Data},
editor = {Azzam F.G. Taktak and Anthony C. Fisher},
booktitle = {Outcome Prediction in Cancer"},
publisher = {Elsevier},
address = {Amsterdam},
pages = {319 - 337},
year = {2007},
isbn = {978-0-444-52855-1},
doi = {https://doi.org/10.1016/B978-044452855-1/50014-3},
url = {http://www.sciencedirect.com/science/article/pii/B9780444528551500143},
author = {Münevver Köküer and Raouf N.G. Naguib and Peter Jancovic and H. Banfield Younghusband and Roger Green},
keywords = {HNPCC, cancer risk assessment, pedigree analysis, artificial neural networks, Kohonen's self-organizing maps, principal component analysis},
}

@article{Brocki2007,
author = {Brocki, Lukasz and Korzinek, Danijel},
year = {2007},
month = {01},
pages = {116-119},
title = {Kohonen Self-Organizing Map for the Traveling Salesperson Problem}
}

@article{Douzas2017,
author = {Douzas, Georgios and Bacao, Fernando},
year = {2017},
month = {09},
pages = {},
title = {Geometric SMOTE: Effective oversampling for imbalanced learning through a geometric extension of SMOTE},
}

@article{CieslakCS06,
  author = {Cieslak, David A. and Chawla, Nitesh V. and Striegel, Aaron},
  biburl = {https://www.bibsonomy.org/bibtex/230261264ee4ed9af3fc62885ab7d5a5f/dblp},
  ee = {http://ieeexplore.ieee.org/xpls/abs_all.jsp?isnumber=34297&arnumber=1635905&count=189&index=169},
  interhash = {7584f3158897d64d88935b550d928e1c},
  intrahash = {30261264ee4ed9af3fc62885ab7d5a5f},
  keywords = {dblp},
  pages = {732-737},
  publisher = {IEEE},
  timestamp = {2010-10-08T11:32:10.000+0200},
  title = {Combating imbalance in network intrusion datasets.},
  url = {http://dblp.uni-trier.de/db/conf/grc/grc2006.html#CieslakCS06},
  year = 2006
}

@article{Dalianis2018,
author = {Dalianis, Hercules},
year = {2018},
month = {05},
pages = {45-53},
title = {Evaluation Metrics and Evaluation},
isbn = {978-3-319-78502-8},
doi = {10.1007/978-3-319-78503-5_6}
}

@article{Guo2018,
author = {Guo, Huaping and Zhou, Jun and Wu, Chang-An},
year = {2018},
month = {09},
pages = {238},
title = {Imbalanced Learning Based on Data-Partition and SMOTE},
volume = {9},
journal = {Information (Switzerland)},
doi = {10.3390/info9090238}
}

@article{Hand2009,
author = {Hand, David},
year = {2009},
month = {10},
pages = {103-123},
title = {Measuring Classifier Performance: A Coherent Alternative to the Area Under the ROC Curve},
volume = {77},
journal = {Machine Learning},
doi = {10.1007/s10994-009-5119-5}
}

@article{Schubach,
author = {Schubach, Max and Re, Matteo and Robinson, Peter and Valentini, Giorgio},
year = {2017},
month = {06},
pages = {},
title = {Imbalance-Aware Machine Learning for Predicting Rare and Common Disease-Associated Non-Coding Variants},
volume = {7},
journal = {Scientific Reports},
doi = {10.1038/s41598-017-03011-5}
}

