@article{Drusch2012,  author = {Drusch, M. and {Del Bello}, U. and Carlier, S. and Colin, O. and
            Fernandez, V. and Gascon, F. and Hoersch, B. and Isola, C. and Laberinti, P.
            and Martimort, P. and Meygret, A. and Spoto, F. and Sy, O. and Marchese, F. and
            Bargellini, P.}, doi = {10.1016/j.rse.2011.11.026},
    issn = {00344257},  journal = {Remote Sensing of Environment},
    month = {may},  pages = {25--36},
    publisher = {Elsevier},  title = {{Sentinel-2: ESA's Optical High-Resolution Mission for GMES Operational Services}},
    volume = {120},  year = {2012}
}

@article{Wulder2018, author = {Wulder, Michael A. and Coops, Nicholas C. and Roy, David P. and White, Joanne
            C. and Hermosilla, Txomin}, doi = {10.1080/01431161.2018.1452075},
    issn = {13665901}, journal = {International Journal of Remote Sensing},
    number = {12}, pages = {4254--4284},
    publisher = {Taylor and Francis Ltd.}, title = {{Land cover 2.0}},
    volume = {39}, year = {2018} }

@article{Khatami2016, author = {Khatami, Reza and Mountrakis, Giorgos and Stehman, Stephen V.}, doi = {10.1016/J.RSE.2016.02.028},
    issn = {0034-4257}, journal = {Remote Sensing of Environment},
    month = {may}, pages = {89--100},
    publisher = {Elsevier}, title = {{A meta-analysis of remote sensing research on supervised pixel-based land-cover
                    image classification processes: General guidelines for practitioners and future
                    research}},
    url = {https://www.sciencedirect.com/science/article/abs/pii/S0034425716300578}, volume = {177},
    year = {2016} }

@article{Pelletier2017,
author = {Pelletier, Charlotte and Valero, Silvia and Inglada, Jordi and
Champion, Nicolas and {Marais Sicre}, Claire and Dedieu,
G{\'{e}}rard}, doi = {10.3390/rs9020173},
issn = {2072-4292}, journal = {Remote Sensing},
month = {feb}, number = {2},
pages = {173}, title = {{Effect of Training Class Label Noise on Classification Performances for Land
                Cover Mapping with Satellite Image Time Series}},
url = {http://www.mdpi.com/2072-4292/9/2/173}, volume = {9},
year = {2017} }

@article{Stromann2020, author = {Stromann, Oliver and Nascetti, Andrea and Yousif, Osama and Ban, Yifang}, doi = {10.3390/RS12010076},
    issn = {20724292}, journal = {Remote Sensing},
    keywords = {EO big data,Google Earth Engine,MSI,Object-based classification,SAR}, number = {1},
    pages = {76}, publisher = {MDPI AG},
    title = {{Dimensionality Reduction and Feature Selection for Object-Based Land Cover
                    Classification based on Sentinel-1 and Sentinel-2 Time Series Using Google
                    Earth Engine}}, volume = {12},
    year = {2020} }

@article{Alonso-Sarria2019, author = {Alonso-Sarria, Francisco and Valdivieso-Ros, Carmen and Gomariz-Castillo,
            Francisco},
    doi = {10.3390/rs11243000}, issn = {2072-4292},
    journal = {Remote Sensing}, keywords = {Class separability,Landsat-8,Random forest,Random tree ensembles,Training area
            representativeness},
    month = {dec}, number = {24},
    pages = {3000}, publisher = {MDPI AG},
    title = {{Isolation Forests to Evaluate Class Separability and the Representativeness of
                    Training and Validation Areas in Land Cover Classification}}, url = {https://www.mdpi.com/2072-4292/11/24/3000},
    volume = {11}, year = {2019} }

@article{Wang2019, archivePrefix = {arXiv}, arxivId = {1906.07923},
    author = {Wang, Rongfang and Zhang, Jie and Chen, Jia-Wei and Jiao, Licheng and Wang, Mi}, eprint = {1906.07923},
    journal = {IEEE Geoscience and Remote Sensing Letters}, month = {jun},
    title = {{Imbalanced Learning-based Automatic SAR Images Change Detection by
                    Morphologically Supervised PCA-Net}}, url = {http://arxiv.org/abs/1906.07923},
    year = {2019} }

@article{Feng2019, author = {Feng, Wei and Huang, Wenjiang and Bao, Wenxing}, doi = {10.1109/LGRS.2019.2913387},
    issn = {1545-598X}, journal = {IEEE Geoscience and Remote Sensing Letters},
    pages = {1--5}, title = {{Imbalanced Hyperspectral Image Classification With an Adaptive Ensemble Method
                    Based on SMOTE and Rotation Forest With Differentiated Sampling Rates}},
    url = {https://ieeexplore.ieee.org/document/8713384/}, year = {2019} }

@article{Chawla2004, author = {Chawla, Nitesh V. and Japkowicz, Nathalie and Kotcz, Aleksander}, doi = {10.1145/1007730.1007733},
    journal = {ACM SIGKDD Explorations Newsletter}, month = {jun},
    number = {1}, pages = {1},
    publisher = {ACM}, title = {{Editorial: special issue on learning from imbalanced data sets}},
    url = {http://portal.acm.org/citation.cfm?doid=1007730.1007733}, volume = {6},
    year = {2004}
}

@article{Abdi2016, author = {Abdi, Lida and Hashemi, Sattar}, doi = {10.1109/TKDE.2015.2458858},
    issn = {1041-4347}, journal = {IEEE Transactions on Knowledge and Data Engineering},
    month = {jan}, number = {1},
    pages = {238--251}, title = {{To Combat Multi-Class Imbalanced Problems by Means of Over-Sampling Techniques}},
    url = {http://ieeexplore.ieee.org/document/7163639/}, volume = {28},
    year = {2016} }

@article{Fernandez2013,
author = {Fern{\'{a}}ndez, Alberto and L{\'{o}}pez, Victoria and Galar, Mikel
and del Jesus, Mar{\'{i}}a Jos{\'{e}} and Herrera, Francisco},
doi = {10.1016/J.KNOSYS.2013.01.018}, issn = {0950-7051},
journal = {Knowledge-Based Systems}, month = {apr},
pages = {97--110}, publisher = {Elsevier},
title = {{Analysing the classification of imbalanced data-sets with multiple classes:
                Binarization techniques and ad-hoc approaches}}, url = {https://www.sciencedirect.com/science/article/abs/pii/S0950705113000300},
volume = {42}, year = {2013} }
