% This file was created with Citavi 6.3.1.0

@article{AbdulLateh.2017,
 author = {{Abdul Lateh}, Masitah and {Kamilah Muda}, Azah and {Izzah Mohd Yusof}, Zeratul and {Azilah Muda}, Noor and {Sanusi Azmi}, Mohd},
 year = {2017},
 title = {Handling a Small Dataset Problem in Prediction Model by employ Artificial Data Generation Approach: A Review},
 pages = {012016},
 volume = {892},
 issn = {1742-6588},
 journal = {Journal of Physics: Conference Series},
 doi = {10.1088/1742-6596/892/1/012016}
}


@article{Chao.2011,
 author = {Chao, Gy-Yi and Tsai, Tung-I and Lu, Te-Jung and Hsu, Hung-Chang and Bao, Bo-Ying and Wu, Wan-Yu and Lin, Miao-Ting and Lu, Te-Ling},
 year = {2011},
 title = {A new approach to prediction of radiotherapy of bladder cancer cells in small dataset analysis},
 pages = {7963--7969},
 volume = {38},
 number = {7},
 issn = {09574174},
 journal = {Expert Systems with Applications},
 doi = {10.1016/j.eswa.2010.12.035}
}


@article{Chawla.2002,
 author = {v. Chawla, N. and Bowyer, K. W. and Hall, L. O. and Kegelmeyer, W. P.},
 year = {2002},
 title = {SMOTE: Synthetic Minority Over-sampling Technique},
 pages = {321--357},
 volume = {16},
 journal = {Journal of Artificial Intelligence Research},
 doi = {10.1613/jair.953}
}


@article{Douzas.2017,
 author = {Douzas, Georgios and Bacao, Fernando},
 year = {2017},
 title = {Geometric SMOTE: Effective oversampling for imbalanced learning through a geometric extension of SMOTE}
}


@misc{EuropeanCommission.2019,
 author = {{European Commission}},
 year = {2019},
 title = {Data protection under GDPR},
 url = {https://europa.eu/youreurope/business/dealing-with-customers/data-protection/data-protection-gdpr/index_en.htm}
}


@article{Fernandez.2018,
 author = {Fernandez, Alberto and Garcia, Salvador and Herrera, Francisco and v. Chawla, Nitesh},
 year = {2018},
 title = {SMOTE for Learning from Imbalanced Data: Progress and Challenges, Marking the 15-year Anniversary},
 pages = {863--905},
 volume = {61},
 journal = {Journal of Artificial Intelligence Research},
 doi = {10.1613/jair.1.11192}
}


@book{He.2013,
 year = {2013},
 title = {Imbalanced learning: Foundations, algorithms, and applications},
 address = {Hoboken, NJ},
 publisher = {{IEEE Press, Wiley}},
 isbn = {9781118074626},
 editor = {He, Haibo and Ma, Yunqian}
}


@article{Huang.1997,
 author = {Huang, Chongfu},
 year = {1997},
 title = {Principle of information diffusion},
 pages = {69--90},
 volume = {91},
 number = {1},
 issn = {01650114},
 journal = {Fuzzy Sets and Systems},
 doi = {10.1016/S0165-0114(96)00257-6}
}


@article{Huang.2004,
 author = {Huang, Chongfu and Moraga, Claudio},
 year = {2004},
 title = {A diffusion-neural-network for learning from small samples},
 pages = {137--161},
 volume = {35},
 number = {2},
 issn = {0888613X},
 journal = {International Journal of Approximate Reasoning},
 doi = {10.1016/j.ijar.2003.06.001}
}


@article{Ivanescu.2006,
 author = {Ivănescu, V. C. and Bertrand, J. W. M. and Fransoo, J. C. and Kleijnen, J. P. C.},
 year = {2006},
 title = {Bootstrapping to solve the limited data problem in production control: an application in batch process industries},
 pages = {2--9},
 volume = {57},
 number = {1},
 issn = {0160-5682},
 journal = {Journal of the Operational Research Society},
 doi = {10.1057/palgrave.jors.2601966}
}


@article{Li.2003,
 author = {Li, Der-Chang and Chen, Long-Sheng and Lin, Yao-San},
 year = {2003},
 title = {Using Functional Virtual Population as assistance to learn scheduling knowledge in dynamic manufacturing environments},
 pages = {4011--4024},
 volume = {41},
 number = {17},
 issn = {0020-7543},
 journal = {International Journal of Production Research},
 doi = {10.1080/0020754031000149211}
}


@article{Li.2005,
 author = {Li, Der-Chiang and Wu, Chihsen and Chang, Fengming M.},
 year = {2005},
 title = {Using data-fuzzification technology in small data set learning to improve FMS scheduling accuracy},
 pages = {321--328},
 volume = {27},
 number = {3-4},
 issn = {0268-3768},
 journal = {The International Journal of Advanced Manufacturing Technology},
 doi = {10.1007/s00170-003-2184-y}
}


@article{Li.2006,
 author = {Li, Der-Chang and Lin, Yao-San},
 year = {2006},
 title = {Using virtual sample generation to build up management knowledge in the early manufacturing stages},
 pages = {413--434},
 volume = {175},
 number = {1},
 issn = {03772217},
 journal = {European Journal of Operational Research},
 doi = {10.1016/j.ejor.2005.05.005}
}


@article{Li.2006b,
 author = {Li, Der-Chiang and Wu, Chih-Sen and Tsai, Tung-I and Chang, Fengming M.},
 year = {2006},
 title = {Using mega-fuzzification and data trend estimation in small data set learning for early FMS scheduling knowledge},
 pages = {1857--1869},
 volume = {33},
 number = {6},
 issn = {03050548},
 journal = {Computers {\&} Operations Research},
 doi = {10.1016/j.cor.2004.11.022}
}


@article{Li.2007,
 author = {Li, Der-Chiang and Wu, Chih-Sen and Tsai, Tung-I and Lina, Yao-San},
 year = {2007},
 title = {Using mega-trend-diffusion and artificial samples in small data set learning for early flexible manufacturing system scheduling knowledge},
 pages = {966--982},
 volume = {34},
 number = {4},
 issn = {03050548},
 journal = {Computers {\&} Operations Research},
 doi = {10.1016/j.cor.2005.05.019}
}


@article{Li.2012,
 author = {Li, Der-Chiang and Liu, Chiao-wen},
 year = {2012},
 title = {Extending Attribute Information for Small Data Set Classification},
 pages = {452--464},
 volume = {24},
 number = {3},
 issn = {1041-4347},
 journal = {IEEE Transactions on Knowledge and Data Engineering},
 doi = {10.1109/TKDE.2010.254}
}


@article{Li.2014,
 author = {Li, Der-Chiang and Wen, I-Hsiang},
 year = {2014},
 title = {A genetic algorithm-based virtual sample generation technique to improve small data set learning},
 pages = {222--230},
 volume = {143},
 issn = {09252312},
 journal = {Neurocomputing},
 doi = {10.1016/j.neucom.2014.06.004}
}


@article{Li.2018,
 author = {Li, Der-Chiang and Lin, Wu-Kuo and Chen, Chien-Chih and Chen, Hung-Yu and Lin, Liang-Sian},
 year = {2018},
 title = {Rebuilding sample distributions for small dataset learning},
 pages = {66--76},
 volume = {105},
 issn = {01679236},
 journal = {Decision Support Systems},
 doi = {10.1016/j.dss.2017.10.013}
}


@article{Lin.2018,
 author = {Lin, Liang-Sian and Li, Der-Chiang and Chen, Hung-Yu and Chiang, Yu-Chun},
 year = {2018},
 title = {An attribute extending method to improve learning performance for small datasets},
 pages = {75--87},
 volume = {286},
 issn = {09252312},
 journal = {Neurocomputing},
 doi = {10.1016/j.neucom.2018.01.071}
}


@article{Niyogi.1998,
 author = {Niyogi, P. and Girosi, F. and Poggio, T.},
 year = {1998},
 title = {Incorporating prior information in machine learning by creating virtual examples},
 pages = {2196--2209},
 volume = {86},
 number = {11},
 issn = {00189219},
 journal = {Proceedings of the IEEE},
 doi = {10.1109/5.726787}
}


@article{Ruparel.2013,
 author = {Ruparel, N. H. and Shahane, N. M. and {Bhamare D. P.}},
 year = {2013},
 title = {Learning from Small Data Set to Build Classification Model: A Survey},
 journal = {International Journal of Computer Applications (0975 -- 8887)}
}


@article{Sezer.2014,
 author = {Sezer, E. A. and Nefeslioglu, H. A. and Gokceoglu, C.},
 year = {2014},
 title = {An assessment on producing synthetic samples by fuzzy C-means for limited number of data in prediction models},
 pages = {126--134},
 volume = {24},
 issn = {15684946},
 journal = {Applied Soft Computing},
 doi = {10.1016/j.asoc.2014.06.056}
}


@article{Tsai.2008,
 author = {Tsai, Tung-I and Li, Der-Chiang},
 year = {2008},
 title = {Utilize bootstrap in small data set learning for pilot run modeling of manufacturing systems},
 pages = {1293--1300},
 volume = {35},
 number = {3},
 issn = {09574174},
 journal = {Expert Systems with Applications},
 doi = {10.1016/j.eswa.2007.08.043}
}


@proceedings{Tsai.2015,
 year = {2015},
 title = {Improving Knowledge Acquisition Capability of~M5' Model Tree on Small Datasets},
 publisher = {IEEE},
 isbn = {978-1-4673-9642-4},
 editor = {Tsai, Chun-Hao and Li, Der-Chang}
}


@book{Vapnik.2008,
 author = {Vapnik, Vladimir N.},
 year = {2008},
 title = {The nature of statistical learning theory},
 address = {New York},
 edition = {2. ed., 6. print},
 publisher = {Springer},
 isbn = {0-387-98780-0},
 series = {Statistics for engineering and information science}
}


@article{Zimmermann.2010,
 author = {Zimmermann, H.-J.},
 year = {2010},
 title = {Fuzzy set theory},
 pages = {317--332},
 volume = {2},
 number = {3},
 issn = {19395108},
 journal = {Wiley Interdisciplinary Reviews: Computational Statistics},
 doi = {10.1002/wics.82}
}


