@phdthesis{pratap2004maximum,
  title={Maximum drawdown of a Brownian motion and AlphaBoost: a boosting algorithm},
  author={Pratap, Amrit},
  year={2004},
  school={California Institute of Technology}
}
@article{magdon2004maximum,
	title={On the maximum drawdown of a Brownian motion},
	author={Magdon-Ismail, Malik and Atiya, Amir F and Pratap, Amrit and Abu-Mostafa, Yaser S},
	journal={Journal of applied probability},
	volume={41},
	number={1},
	pages={147--161},
	year={2004},
	publisher={Cambridge University Press}
}
@article{moody1998performance,
	title={Performance functions and reinforcement learning for trading systems and portfolios},
	author={Moody, John and Wu, Lizhong and Liao, Yuansong and Saffell, Matthew},
	journal={Journal of Forecasting},
	volume={17},
	number={5-6},
	pages={441--470},
	year={1998},
	publisher={Wiley Online Library}
}
@article{almahdi2017adaptive,
	title={An adaptive portfolio trading system: A risk-return portfolio optimization using recurrent reinforcement learning with expected maximum drawdown},
	author={Almahdi, Saud and Yang, Steve Y},
	journal={Expert Systems with Applications},
	volume={87},
	pages={267--279},
	year={2017},
	publisher={Elsevier}
}